@book{schlittgen2013regressionsanalysen,
  title={Regressionsanalysen mit R},
  author={Schlittgen, Rainer},
  year={2013},
  publisher={Walter de Gruyter}
}

@article{quinn2001newton,
  title={The newton raphson algorithm for function optimization},
  author={Quinn, Kevin},
  journal={University of Washington Seattle},
  year={2001}
}

@article{ypma1995historical,
  title={Historical development of the Newton--Raphson method},
  author={Ypma, Tjalling J},
  journal={SIAM review},
  volume={37},
  number={4},
  pages={531--551},
  year={1995},
  publisher={SIAM}
}